% Encoding: UTF-8

@Online{3gpp.specifications,
  Title                    = {{3GPP specifications}},
  Url                      = {https://www.3gpp.org/specifications},
}

@Online{3gpp.r15,
  Title                    = {{3GPP Release 15 (R15)}},
  Url                      = {https://www.3gpp.org/release-15},
}

@Techreport{3gpp.23.214,
  Author                   = {{3GPP}},
  day                      = {19},
  Institution              = {{3rd Generation Partnership Project (3GPP)}},
  Month                    = {06},
  Note                     = {Version 15.3.0},
  Number                   = {23.214},
  Title                    = {{Architecture enhancements for control and user plane separation of EPC nodes}},
  Type                     = {Technical Specification (TS)},
  Url                      = {https://portal.3gpp.org/desktopmodules/Specifications/SpecificationDetails.aspx?specificationId=3077},
  Year                     = {2018}
}

@Techreport{3gpp.23.401,
  Author                   = {{3GPP}},
  day                      = {13},
  Institution              = {{3rd Generation Partnership Project (3GPP)}},
  Month                    = {12},
  Note                     = {Version 8.0.0},
  Number                   = {23.401},
  Title                    = {{General Packet Radio Service (GPRS) enhancements for Evolved Universal Terrestrial Radio Access Network (E-UTRAN) access}},
  Type                     = {Technical Specification (TS)},
  Url                      = {https://portal.3gpp.org/desktopmodules/Specifications/SpecificationDetails.aspx?specificationId=849},
  Year                     = {2017}
}

@Techreport{3gpp.23.501,
  Author                   = {{3GPP}},
  day                      = {17},
  Institution              = {{3rd Generation Partnership Project (3GPP)}},
  Month                    = {09},
  Note                     = {Version 15.3.0},
  Number                   = {23.501},
  Title                    = {{System architecture for the 5G System (5GS)}},
  Type                     = {Technical Specification (TS)},
  Url                      = {https://portal.3gpp.org/desktopmodules/Specifications/SpecificationDetails.aspx?specificationId=3144},
  Year                     = {2018}
}

@Techreport{3gpp.23.502,
  Author                   = {{3GPP}},
  day                      = {17},
  Institution              = {{3rd Generation Partnership Project (3GPP)}},
  Month                    = {09},
  Note                     = {Version 15.3.0},
  Number                   = {23.502},
  Title                    = {{Procedures for the 5G System (5GS)}},
  Type                     = {Technical Specification (TS)},
  Url                      = {https://portal.3gpp.org/desktopmodules/Specifications/SpecificationDetails.aspx?specificationId=3145},
  Year                     = {2018}
}

@Techreport{3gpp.29.244,
  Author                   = {{3GPP}},
  day                      = {23},
  Institution              = {{3rd Generation Partnership Project (3GPP)}},
  Month                    = {09},
  Note                     = {Version 15.3.0},
  Number                   = {29.244},
  Title                    = {{Interface between the Control Plane and the User Plane nodes}},
  Type                     = {Technical Specification (TS)},
  Url                      = {https://portal.3gpp.org/desktopmodules/Specifications/SpecificationDetails.aspx?specificationId=3111},
  Year                     = {2018}
}

@Techreport{3gpp.29.500,
  Author                   = {{3GPP}},
  day                      = {22},
  Institution              = {{3rd Generation Partnership Project (3GPP)}},
  Month                    = {03},
  Note                     = {Version 15.3.0},
  Number                   = {29.500},
  Title                    = {{5G System; Technical Realization of Service Based Architecture; Stage 3}},
  Type                     = {Technical Specification (TS)},
  Url                      = {https://portal.3gpp.org/desktopmodules/Specifications/SpecificationDetails.aspx?specificationId=3338},
  Year                     = {2019}
}
