% This file was created with JabRef 2.10b2.
% Encoding: UTF-8

@Misc{nctuurl,
  Title                    = {國立交通大學},

  Author                   = {NCTU},

  Owner                    = {borting},
  Timestamp                = {2017.02.06},
  Url                      = {http://www.nctu.edu.tw}
}

@Inproceedings{paper.zhang2016opennetvm,
  Author                   = {Zhang, Wei and Liu, Guyue and Zhang, Wenhui and Shah, Neel and Lopreiato, Phillip and Todeschi, Gregoire and Ramakrishnan, KK and Wood, Timothy},
  Title                    = {{OpenNetVM: A platform for high performance network service chains}},
  Year                     = {2016},
  Month                    = {08},
  Day                      = {22},
  Isbn                     = {9781450344241},
  Publisher                = {Association for Computing Machinery},
  Address                  = {New York, NY, USA},
  Url                      = {https://doi.org/10.1145/2940147.2940155},
  Doi                      = {10.1145/2940147.2940155},
  Booktitle                = {Proceedings of the 2016 workshop on Hot topics in Middleboxes and Network Function Virtualization},
  Pages                    = {26--31},
  Keywords                 = {service chains, NFV},
  Location                 = {Florianopolis, Brazil},
  Series                   = {HotMIddlebox '16},
  Language                 = {English (US)},
}

@Inproceedings{paper.PEPC,
  Author                   = {Qazi, {Zafar Ayyub} and Melvin Walls and Aurojit Panda and Vyas Sekar and Sylvia Ratnasamy and Scott Shenker},
  Title                    = {{A high performance packet core for next generation cellular networks}},
  Year                     = {2017},
  Month                    = {08},
  Day                      = {07},
  Isbn                     = {9781450346535}
  Publisher                = {Association for Computing Machinery},
  Address                  = {New York, NY, USA},
  Url                      = {https://doi.org/10.1145/3098822.3098848},
  Doi                      = {10.1145/3098822.3098848},
  Booktitle                = {Proceedings of the 2017 Conference of the ACM Special Interest Group on Data Communication},
  Pages                    = {348--361},
  Keywords                 = {Cellular Networks, EPC, Network Function},
  Location                 = {Los Angeles, CA, USA},
  Series                   = {SIGCOMM '2017},
  Language                 = {English (US)},
}

@inproceedings{paper.llcccp,
  Author                   = {Ahmad, Mukhtiar and Jafri, Syed Usman and Ikram, Azam and Qasmi, Wasiq Noor Ahmad and Nawazish, Muhammad Ali and Uzmi, Zartash Afzal and Qazi, Zafar Ayyub},
  Title                    = {{A Low Latency and Consistent Cellular Control Plane}},
  Year                     = {2020},
  Month                    = {07},
  Day                      = {30},
  Isbn                     = {9781450379557},
  Publisher                = {Association for Computing Machinery},
  Address                  = {New York, NY, USA},
  Url                      = {https://doi.org/10.1145/3387514.3406218},
  Doi                      = {10.1145/3387514.3406218},
  Booktitle                = {Proceedings of the Annual Conference of the ACM Special Interest Group on Data Communication on the Applications, Technologies, Architectures, and Protocols for Computer Communication},
  Pages                    = {648--661},
  Keywords                 = {Cellular Core, Consistency, Control Plane},
  Location                 = {Virtual Event, USA},
  Series                   = {SIGCOMM '20},
  Language                 = {English (US)},
}

@inproceedings{paper.DPCM,
  Author                   = {Li, Yuanjie and Yuan, Zengwen and Peng, Chunyi},
  Title                    = {{A Control-Plane Perspective on Reducing Data Access Latency in LTE Networks}},
  Year                     = {2017},
  Month                    = {10},
  Day                      = {04},
  Isbn                     = {9781450349161},
  Publisher                = {Association for Computing Machinery},
  Address                  = {New York, NY, USA},
  Url                      = {https://doi.org/10.1145/3117811.3117838},
  Doi                      = {10.1145/3117811.3117838},
  Booktitle                = {Proceedings of the 23rd Annual International Conference on Mobile Computing and Networking},
  Pages                    = {56--69},
  Keywords                 = {control plane, latency, 4G/5G network, parallel processing, device-side state replica},
  Location                 = {Snowbird, Utah, USA},
  Series                   = {MobiCom '17},
  Language                 = {English (US)},
}

@inproceedings{paper.ECHO,
  Author                   = {Nguyen, Binh and Zhang, Tian and Radunovic, Bozidar and Stutsman, Ryan and Karagiannis, Thomas and Kocur, Jakub and Van der Merwe, Jacobus},
  Title                    = {{ECHO: A Reliable Distributed Cellular Core Network for Hyper-Scale Public Clouds}},
  Year                     = {2018},
  Month                    = {10},
  Day                      = {15},
  Isbn                     = {9781450359030},
  Publisher                = {Association for Computing Machinery},
  Address                  = {New York, NY, USA},
  Url                      = {https://doi.org/10.1145/3241539.3241564},
  Doi                      = {10.1145/3241539.3241564},
  Booktitle                = {Proceedings of the 24th Annual International Conference on Mobile Computing and Networking},
  Pages                    = {163--178},
  Keywords                 = {mobile networks, distributed systems, reliability, nfv},
  Location                 = {New Delhi, India},
  Series                   = {MobiCom '18},
  Language                 = {English (US)},
}

@Article{cleanG,
  Author                   = {Mohammadkhan, Ali and Ramakrishnan, K. K. and Jain, Vivek A.},
  Journal                  = {IEEE/ACM Transactions on Networking},
  Title                    = {{CleanG—Improving the Architecture and Protocols for Future Cellular Networks With NFV}},
  Year                     = {2020},
  Month                    = {12},
  Volume                   = {28},
  Number                   = {6},
  Pages                    = {2559--2572},
  Keywords                 = {Computer architecture,Protocols,5G mobile communication,Long Term Evolution,Cellular networks,3GPP,Hardware},
  Doi                      = {10.1109/TNET.2020.3015946},
  Issn                     = {1558-2566},
}

@Article{URLLVR,
  Author                   = {Elbamby, Mohammed S. and Perfecto, Cristina and Bennis, Mehdi and Doppler, Klaus},
  Journal                  = {IEEE Network},
  Title                    = {{Toward Low-Latency and Ultra-Reliable Virtual Reality}},
  Year                     = {2018},
  Month                    = {04},
  Volume                   = {32},
  Number                   = {2},
  Pages                    = {78--84},
  Keywords                 = {Delays,Virtual reality,Reliability,Wireless communication,Servers,Headphones,Streaming media},
  Doi                      = {10.1109/MNET.2018.1700268},
  Issn                     = {0890-8044},
}

@Article{LLmmWave,
  Author                   = {Ford, Russell and Zhang, Menglei and Mezzavilla, Marco and Dutta, Sourjya and Rangan, Sundeep and Zorzi, Michele},
  Journal                  = {IEEE Communications Magazine},
  Title                    = {{Achieving Ultra-Low Latency in 5G Millimeter Wave Cellular Networks}},
  Year                     = {2017},
  Month                    = {03},
  Volume                   = {55},
  Number                   = {3},
  Pages                    = {196--203},
  Keywords                 = {5G mobile communication,Mobile computing,Cloud computing,Servers,Reliability},
  Doi                      = {10.1109/MCOM.2017.1600407CM},
  Issn                     = {0163-6804},
}

@Misc{cloud_arvr_wp,
  Title                    = {{Cloud AR/VR Whitepaper}},
  Url                      = {https://www.gsma.com/futurenetworks/wiki/cloud-ar-vr-whitepaper/},
  Journal                  = {Future Networks},
  Year                     = {2019},
  Month                    = {10},
}

@Misc{4k_req,
  Title                    = {{Bandwidth required for HD FHD 4K video streaming}},
  Url                      = {https://www.synopi.com/bandwidth-required-for-hd-fhd-4k-video/},
  Year                     = {2019},
  Month                    = {07},
}


@misc{cisco_internet_report_2023,
  Title                    = {{Cisco Annual Internet Report (2018–2023) White Paper}},
  Url                      = {https://www.cisco.com/c/en/us/solutions/collateral/executive-perspectives/annual-internet-report/white-paper-c11-741490.html},
  Author                   = {Cisco, U},
  Year                     = {2020},
  Month                    = {03},
}
