% Encoding: UTF-8

@Misc{github.onvmNet,
  Title                    = {{onvmNet}},
  Author                   = {{Chia-An Lee} and {Hao-Tse Chu} and {Hung-Cheng Chang} and {Vivek Jain}},
  Owner                    = {nctu-ucr},
  Journal                  = {GitHub repository},
  Year                     = {2021},
  Url                      = {https://github.com/nctu-ucr/onvmNet},
  Commit                   = {cd80cac365756401e7f9968abd78490fec6f2086}
}

@Misc{github.MoonGen,
  Title                    = {{MoonGen Packet Generator}},
  Author                   = {Paul Emmerich},
  Owner                    = {emmericp},
  Journal                  = {GitHub repository},
  Year                     = {2020},
  Url                      = {https://github.com/emmericp/MoonGen},
  Commit                   = {525d9917c98a4760db72bb733cf6ad30550d6669}
}

@Online{awesome-5g,
  Title                    = {{Awesome 5G}},
  Url                      = {https://github.com/calee0219/awesome-5g}
}

@Online{free5gc,
  Title                    = {{free5GC}},
  Url                      = {https://www.free5gc.org/}
}

@Online{dpdk,
  Title                    = {{Data Plane Development Kit}},
  Url                      = {https://www.dpdk.org/}
}


@Online{open5gs,
  Title                    = {{Open5GS}},
  Url                      = {https://open5gs.org/}
}

@Online{nextepc,
  Title                    = {{NextEPC}},
  Url                      = {https://nextepc.org/}
}

@Online{oai,
  Title                    = {{OpenAirInterface}},
  Url                      = {https://openairinterface.org/}
}

@Online{oai-cn,
  Title                    = {{OPENAIR-CN}},
  Url                      = {https://github.com/OPENAIRINTERFACE/openair-epc-fed}
}

@Online{oai-5gc,
  Title                    = {{OpenAirInterface 5G Core}},
  Url                      = {https://openairinterface.org/oai-5g-core-network-project/}
}

@Online{oai-5gcn,
  Title                    = {{OPENAIR-CN-5G}},
  Url                      = {https://gitlab.eurecom.fr/oai/cn5g/oai-cn5g-fed}
}

@Online{metaswitch,
  Title                    = {{Metaswitch}},
  Url                      = {https://www.metaswitch.com/products/fusion-core}
}

@Online{openupf,
  Title                   = {{OpenUPF}},
  Url                     = {https://github.com/5GOpenUPF/openupf}
}

@Online{upf-p4-poc,
  Title                   = {{upf-p4-poc}},
  Url                     = {https://github.com/801room/upf_p4_poc}
}

@Online{upf-xdp,
  Title                   = {{upf-xdp}},
  Url                     = {https://github.com/801room/upf-xdp}
}

@Online{fdio.vpp,
  Title                   = {{FD.io Vector Packet Processor}},
  Url                     = {https://fd.io/}
}

@Online{upg-vpp,
  Title                   = {{User Plane Gateway (UPG) based on VPP}},
  Url                     = {https://github.com/travelping/upg-vpp}
}

@Online{upf-epc,
  Title                   = {{upf-epc}},
  Url                     = {https://github.com/omec-project/upf-epc}
}

@Online{intership-5gcn,
  Title                   = {{Internship-5GCN}},
  Url                     = {https://github.com/bubblecounter/Internship-5GCN}
}

@Online{gtp5g,
  Title                    = {{gtp5g}},
  Url                      = {https://github.com/free5gc/gtp5g}
}

@Online{openapi,
  Title                    = {{OpenAPI}},
  Url                      = {https://www.openapis.org/}
}

@Online{openapi.generator,
  Title                    = {{OpenAPI Generator}},
  Url                      = {https://github.com/OpenAPITools/openapi-generator}
}

@Online{onvm,
  Title                    = {{openNetVM}},
  Url                      = {http://sdnfv.github.io/onvm/}
}
