% This file was created with JabRef 2.10b2.
% Encoding: UTF-8


@Misc{nctuurl,
  Title                    = {國立交通大學},

  Author                   = {NCTU},

  Owner                    = {borting},
  Timestamp                = {2017.02.06},
  Url                      = {http://www.nctu.edu.tw}
}

@Misc{github.onvmNet,
  Title                    = {{onvmNet}},
  Author                   = {{Chia-An Lee} and {Hao-Tse Chu} and {Hung-Cheng Chang} and {Vivek Jain}},
  Owner                    = {nctu-ucr},
  Journal                  = {GitHub repository},
  Year                     = {2021},
  Url                      = {https://github.com/nctu-ucr/onvmNet},
  Commit                   = {cd80cac365756401e7f9968abd78490fec6f2086}
}

@Online{free5gc,
  Title                    = {{free5GC}},
  Url                      = {https://www.free5gc.org/}
}

@Online{dpdk,
  Title                    = {{Data Plane Development Kit}},
  Url                      = {https://www.dpdk.org/}
}


@Online{open5gs,
  Title                    = {{Open5GS}},
  Url                      = {https://open5gs.org/}
}

@Online{nextepc,
  Title                    = {{NextEPC}},
  Url                      = {https://nextepc.org/}
}

@Online{oai,
  Title                    = {{OpenAirInterface}},
  Url                      = {https://openairinterface.org/}
}

@Online{oai-cn,
  Title                    = {{openair-cn}},
  Url                      = {https://github.com/uw-ictd/openair-cn}
}

@Online{oai-5gcn,
  Title                    = {{OpenAirInterface 5G CN}},
  Url                      = {https://openairinterface.org/oai-5g-core-network-project/}
}

@Online{metaswitch,
  Title                    = {{Metaswitch}},
  Url                      = {https://www.metaswitch.com/products/fusion-core}
}

@Online{gtp5g,
  Title                    = {{gtp5g}},
  Url                      = {https://github.com/free5gc/gtp5g}
}

@Online{openapi,
  Title                    = {{OpenAPI}},
  Url                      = {https://www.openapis.org/},
}

@Online{openapi.generator,
  Title                    = {{OpenAPI Generator}},
  Url                      = {https://github.com/OpenAPITools/openapi-generator},
}

@Inproceedings{onvm.zhang2016opennetvm,
  Title                    = {{OpenNetVM: A platform for high performance network service chains}},
  Author                   = {Zhang, Wei and Liu, Guyue and Zhang, Wenhui and Shah, Neel and Lopreiato, Phillip and Todeschi, Gregoire and Ramakrishnan, KK and Wood, Timothy},
  Booktitle                = {Proceedings of the 2016 workshop on Hot topics in Middleboxes and Network Function Virtualization},
  Pages                    = {26--31},
  Year                     = {2016}
}

@Online{onvm,
  Title                    = {{openNetVM}},
  Url                      = {http://sdnfv.github.io/onvm/}
}
